<record><leader>00000cas a22000007a 4500</leader><controlfield tag="001">9216861</controlfield><controlfield tag="008">830212d1913191uokuwr ne      0   a0eng d</controlfield><datafield ind1=" " ind2=" " tag="010"><subfield code="a">sn 83025023 </subfield></datafield><datafield ind1=" " ind2=" " tag="040"><subfield code="a">WIH</subfield><subfield code="b">eng</subfield><subfield code="c">WIH</subfield><subfield code="d">NPV</subfield><subfield code="d">OBN</subfield><subfield code="d">OCLCQ</subfield><subfield code="d">OCLCF</subfield><subfield code="d">OCLCO</subfield></datafield><datafield ind1="1" ind2=" " tag="029"><subfield code="a">AU@</subfield><subfield code="b">000025805927</subfield></datafield><datafield ind1=" " ind2=" " tag="042"><subfield code="a">msc</subfield></datafield><datafield ind1=" " ind2=" " tag="043"><subfield code="a">n-us-ok</subfield></datafield><datafield ind1=" " ind2=" " tag="045"><subfield code="a">x1x-</subfield></datafield><datafield ind1=" " ind2=" " tag="052"><subfield code="a">4023</subfield><subfield code="b">S2</subfield></datafield><datafield ind1="0" ind2="4" tag="245"><subfield code="a">The Wewoka and Lima courier.</subfield></datafield><datafield ind1=" " ind2=" " tag="260"><subfield code="a">Wewoka, Okla. :</subfield><subfield code="b">M.W. Williams</subfield></datafield><datafield ind1="0" ind2=" " tag="362"><subfield code="a">Vol. 1, no. 1 (Oct. 3, 1913)-</subfield></datafield><datafield ind1=" " ind2=" " tag="515"><subfield code="a">Vol. 1, no. [3]- misnumbered as no. 16-</subfield></datafield><datafield ind1=" " ind2="0" tag="651"><subfield code="a">Wewoka (Okla.)</subfield><subfield code="v">Newspapers.</subfield></datafield><datafield ind1=" " ind2="0" tag="651"><subfield code="a">Seminole County (Okla.)</subfield><subfield code="v">Newspapers.</subfield></datafield><datafield ind1=" " ind2="7" tag="655"><subfield code="a">Newspapers.</subfield><subfield code="2">fast</subfield><subfield code="0">(OCoLC)fst01423814</subfield></datafield><datafield ind1=" " ind2="7" tag="651"><subfield code="a">Oklahoma</subfield><subfield code="z">Seminole County.</subfield><subfield code="2">fast</subfield><subfield code="0">(OCoLC)fst01207511</subfield></datafield><datafield ind1=" " ind2="7" tag="651"><subfield code="a">Oklahoma</subfield><subfield code="z">Wewoka.</subfield><subfield code="2">fast</subfield><subfield code="0">(OCoLC)fst01221231</subfield></datafield><datafield ind1=" " ind2=" " tag="752"><subfield code="a">United States</subfield><subfield code="b">Oklahoma</subfield><subfield code="c">Seminole</subfield><subfield code="d">Wewoka.</subfield></datafield><datafield ind1="0" ind2="0" tag="780"><subfield code="t">Wewoka courier</subfield><subfield code="w">(DLC)sn 97070306</subfield><subfield code="w">(OCoLC)37873061</subfield></datafield></record>